%-*- mode: BibTeX;-*-
%Filename:    Xbib.bib
%Authors:     salmanb
%Creation:    Wed Aug 06 11:39:26 2003
%Copyright:   Not supplied
%Description:
------------------------------------------------------------------------

%Comment Bibliography
%Comment Samson Abramsky, Computational Interpretations of Linear Logic, Theoretical Computer Science, 1993, 111, 3--57
%Comment Samson Abramsky, Proofs as Processes, Theor. Comput. Sci.,135,1, 5--9,1994
%Comment Samson Abramsky and Paul Andre Mellies, Concurrent Games and Full Completeness, 14th Annual IEEE Symposium on Logic in Computer Science, Trento, Italy, July 2-5, 1999, 431--442, 1999
%Comment Luís Caires: Logical Semantics of Types for Concurrency. CALCO 2007: 16-35
%Comment Luís Caires: Behavioral and Spatial Observations in a Logic for the pi-Calculus. FoSSaCS 2004: 72-89
%Comment Martín Abadi, Ricardo Corin, Cédric Fournet: Computational Secrecy by Typing for the Pi Calculus. APLAS 2006: 253-269
%Comment Martín Abadi, Bruno Blanchet, Cédric Fournet: Just Fast Keying in the Pi Calculus. ESOP 2004: 340-354
%Comment Andrew D. Gordon: Provable Implementations of Security Protocols. LICS 2006: 345-346
%Comment Andrew D. Gordon: Types for Cryptographic Protocols. CONCUR 2002: 99-100
%Comment Robin Milner: Functions as Processes. Mathematical Structures in Computer Science 2(2): 119-141 (1992)
%Comment Robin Milner: The Polyadic Pi-calculus (Abstract). CONCUR 1992: 1
%Comment John C. Reynolds, An Overview of Separation Logic, Verified Software: Theories, Tools, Experiments, First IFIP TC 2/WG 2.3 Conference, {VSTTE} 2005, Zurich, Switzerland, October 10-13 2005, Revised Selected Papers and Discussions,460--469
%Comment Steve Kremer and Mark Ryan, Analysis of an Electronic Voting Protocol in the Applied Pi Calculus, Programming Languages and Systems, 14th European Symposium on Programming,ESOP 2005, Held as Part of the Joint European Conferences on Theory and Practice of Software, ETAPS 2005, Edinburgh, UK, April 4-8, 2005, Proceedings, 186--200, 2005
%Comment Philip Wadler: Propositions as sessions. ICFP 2012: 273-286
%Comment Philip Wadler, Linear Types Can Change the World!, PROGRAMMING CONCEPTS AND METHODS, 1990, North

@inproceedings{DBLP:conf/popl/AbadiB02,
  author    = {Mart{\'{\i}}n Abadi and
               Bruno Blanchet},
  title     = {Analyzing security protocols with secrecy types and logic programs},
  booktitle = {{POPL}},
  pages     = {33--44},
  publisher = {{ACM}},
  year      = {2002}
}

@article{DBLP:journals/tcs/AbadiB03,
  author    = {Mart{\'{\i}}n Abadi and
               Bruno Blanchet},
  title     = {Secrecy types for asymmetric communication},
  journal   = {Theor. Comput. Sci.},
  volume    = {298},
  number    = {3},
  pages     = {387--415},
  year      = {2003}
}

@article{DBLP:journals/tcs/Abramsky93,
  author    = {Samson Abramsky},
  title     = {Computational Interpretations of Linear Logic},
  journal   = {Theor. Comput. Sci.},
  volume    = {111},
  number    = {1{\&}2},
  pages     = {3--57},
  year      = {1993},
  url       = {http://dx.doi.org/10.1016/0304-3975(93)90181-R},
  doi       = {10.1016/0304-3975(93)90181-R},
  timestamp = {Wed, 07 Sep 2011 12:13:21 +0200},
  biburl    = {http://dblp.uni-trier.de/rec/bib/journals/tcs/Abramsky93},
  bibsource = {dblp computer science bibliography, http://dblp.org}
}

@article{DBLP:journals/tcs/Abramsky94,
  author    = {Samson Abramsky},
  title     = {Proofs as Processes},
  journal   = {Theor. Comput. Sci.},
  volume    = {135},
  number    = {1},
  pages     = {5--9},
  year      = {1994},
  url       = {http://dx.doi.org/10.1016/0304-3975(94)00103-0},
  doi       = {10.1016/0304-3975(94)00103-0},
  timestamp = {Wed, 07 Sep 2011 12:13:22 +0200},
  biburl    = {http://dblp.uni-trier.de/rec/bib/journals/tcs/Abramsky94},
  bibsource = {dblp computer science bibliography, http://dblp.org}
}

@inproceedings{DBLP:conf/lics/AbramskyM99,
  author    = {Samson Abramsky and
               Paul{-}Andr{\'{e}} Melli{\`{e}}s},
  title     = {Concurrent Games and Full Completeness},
  booktitle = {14th Annual {IEEE} Symposium on Logic in Computer Science, Trento,
               Italy, July 2-5, 1999},
  pages     = {431--442},
  year      = {1999},
  crossref  = {DBLP:conf/lics/1999},
  url       = {http://dx.doi.org/10.1109/LICS.1999.782638},
  doi       = {10.1109/LICS.1999.782638},
  timestamp = {Sat, 22 Nov 2014 13:44:46 +0100},
  biburl    = {http://dblp.uni-trier.de/rec/bib/conf/lics/AbramskyM99},
  bibsource = {dblp computer science bibliography, http://dblp.org}
}

@proceedings{DBLP:conf/lics/1999,
  title     = {14th Annual {IEEE} Symposium on Logic in Computer Science, Trento,
               Italy, July 2-5, 1999},
  publisher = {{IEEE} Computer Society},
  year      = {1999},
  url       = {http://ieeexplore.ieee.org/xpl/mostRecentIssue.jsp?punumber=6352},
  isbn      = {0-7695-0158-3},
  timestamp = {Fri, 21 Nov 2014 14:08:57 +0100},
  biburl    = {http://dblp.uni-trier.de/rec/bib/conf/lics/1999},
  bibsource = {dblp computer science bibliography, http://dblp.org}
}

@inproceedings{DBLP:conf/sas/Abramsky05,
  author    = {Samson Abramsky},
  title     = {Algorithmic Game Semantics and Static Analysis},
  booktitle = {{SAS}},
  series    = {Lecture Notes in Computer Science},
  volume    = {3672},
  pages     = {1},
  publisher = {Springer},
  year      = {2005}
}

@inproceedings{DBLP:conf/epew/BrownLM05,
  author    = {Allen L. Brown Jr. and
               Cosimo Laneve and
               L. Gregory Meredith},
  title     = {PiDuce: {A} Process Calculus with Native {XML} Datatypes},
  booktitle = {{EPEW/WS-FM}},
  series    = {Lecture Notes in Computer Science},
  volume    = {3670},
  pages     = {18--34},
  publisher = {Springer},
  year      = {2005}
}

@article{DBLP:journals/iandc/CairesC03,
  author    = {Lu{\'{\i}}s Caires and
               Luca Cardelli},
  title     = {A spatial logic for concurrency (part {I)}},
  journal   = {Inf. Comput.},
  volume    = {186},
  number    = {2},
  pages     = {194--235},
  year      = {2003},
  url       = {https://doi.org/10.1016/S0890-5401(03)00137-8},
  doi       = {10.1016/S0890-5401(03)00137-8},
  timestamp = {Fri, 12 Feb 2021 22:16:13 +0100},
  biburl    = {https://dblp.org/rec/journals/iandc/CairesC03.bib},
  bibsource = {dblp computer science bibliography, https://dblp.org}
}

@article{DBLP:journals/tcs/CairesC04,
  author    = {Lu{\'{\i}}s Caires and
               Luca Cardelli},
  title     = {A spatial logic for concurrency - {II}},
  journal   = {Theor. Comput. Sci.},
  volume    = {322},
  number    = {3},
  pages     = {517--565},
  year      = {2004},
  url       = {https://doi.org/10.1016/j.tcs.2003.10.041},
  doi       = {10.1016/j.tcs.2003.10.041},
  timestamp = {Wed, 17 Feb 2021 22:01:23 +0100},
  biburl    = {https://dblp.org/rec/journals/tcs/CairesC04.bib},
  bibsource = {dblp computer science bibliography, https://dblp.org}
}

@inproceedings{DBLP:conf/fossacs/Caires04,
 author = {Lu\'{i}s Caires},
 bibsource = {DBLP, http://dblp.uni-trier.de},
 booktitle = {FoSSaCS},
 date-added = {2007-05-14 14:24:05 -0500},
 date-modified = {2007-05-14 14:24:06 -0500},
 ee = {http://springerlink.metapress.com/openurl.asp?genre=article{\&}issn=0302-9743{\&}volume=2987{\&}spage=72},
 pages = {72--89},
 title = {Behavioral and Spatial Observations in a Logic for the pi-Calculus.},
 year = {2004}
}

@misc{caires_2004,
 title={Spatial Logic Model Checker},
 url={http://ctp.di.fct.unl.pt/SLMC/},
 journal={A spatial logic model Checker},
 publisher={di.fct.unl.pt},
 author={Caires, Luis},
 year={2004},
 month={Nov}
}

@misc{arxiv:meta-metta-opsem:meredith,
 title={Meta-metta: An operational semantics for MeTTa},
 url={https://arxiv.org/abs/2305.17218},
 author={Lucius Gregory Meredith, Ben Goertzel, Adam Vandervorst},
 year={2023}
}

@inproceedings{DBLP:conf/cmsb/Cardelli04,
  author    = {Luca Cardelli},
  title     = {Brane Calculi},
  booktitle = {{CMSB}},
  series    = {Lecture Notes in Computer Science},
  volume    = {3082},
  pages     = {257--278},
  publisher = {Springer},
  year      = {2004}
}

@article{DBLP:journals/tcs/CardelliG00,
  author       = {Luca Cardelli and
                  Andrew D. Gordon},
  title        = {Mobile ambients},
  journal      = {Theor. Comput. Sci.},
  volume       = {240},
  number       = {1},
  pages        = {177--213},
  year         = {2000},
  url          = {https://doi.org/10.1016/S0304-3975(99)00231-5},
  doi          = {10.1016/S0304-3975(99)00231-5},
  timestamp    = {Mon, 14 Feb 2022 09:20:23 +0100},
  biburl       = {https://dblp.org/rec/journals/tcs/CardelliG00.bib},
  bibsource    = {dblp computer science bibliography, https://dblp.org}
}

@book{DBLP:books/cu/CK2017,
  author    = {Bob Coecke and Aleks Kissinger},
  title     = {Picturing Quantum Processes: {A} First Course in Quantum Theory and Diagrammatic Reasoning},
  publisher = {Cambridge University Press},
  year      = {2017}
}

@article{ bcb,
		title = "bicartesian closed category",
		url = "http://ncatlab.org/nlab/show/bicartesian+closed+category" }

@inproceedings{DBLP:conf/esop/DanosL03,
  author    = {Vincent Danos and
               Cosimo Laneve},
  title     = {Core Formal Molecular Biology},
  booktitle = {{ESOP}},
  series    = {Lecture Notes in Computer Science},
  volume    = {2618},
  pages     = {302--318},
  publisher = {Springer},
  year      = {2003}
}

@inproceedings{DBLP:conf/wsfm/Dezani-Ciancaglinid09,
  author       = {Mariangiola Dezani{-}Ciancaglini and
                  Ugo de'Liguoro},
  editor       = {Cosimo Laneve and
                  Jianwen Su},
  title        = {Sessions and Session Types: An Overview},
  booktitle    = {Web Services and Formal Methods, 6th International Workshop, {WS-FM}
                  2009, Bologna, Italy, September 4-5, 2009, Revised Selected Papers},
  series       = {Lecture Notes in Computer Science},
  volume       = {6194},
  pages        = {1--28},
  publisher    = {Springer},
  year         = {2009},
  url          = {https://doi.org/10.1007/978-3-642-14458-5\_1},
  doi          = {10.1007/978-3-642-14458-5\_1},
  timestamp    = {Thu, 14 Oct 2021 09:54:54 +0200},
  biburl       = {https://dblp.org/rec/conf/wsfm/Dezani-Ciancaglinid09.bib},
  bibsource    = {dblp computer science bibliography, https://dblp.org}
}

@article{DBLP:journals/synthese/Deutsch13,
  author    = {David Deutsch},
  title     = {Constructor theory},
  journal   = {Synth.},
  volume    = {190},
  number    = {18},
  pages     = {4331--4359},
  year      = {2013}
}

@book{dirac1981principles,
  title={The Principles of Quantum Mechanics},
  author={Dirac, P.A.M.},
  isbn={9780198520115},
  lccn={58000907},
  url={https://books.google.com/books?id=XehUpGiM6FIC},
  year={1981},
  publisher={Clarendon Press}
}

@inproceedings{DBLP:conf/afp/FournetFMS02,
  author    = {C{\'{e}}dric Fournet and
               Fabrice Le Fessant and
               Luc Maranget and
               Alan Schmitt},
  title     = {JoCaml: {A} Language for Concurrent Distributed and Mobile Programming},
  booktitle = {Advanced Functional Programming},
  series    = {Lecture Notes in Computer Science},
  volume    = {2638},
  pages     = {129--158},
  publisher = {Springer},
  year      = {2002}
}

@inproceedings{djoin,
  author = "Fournet, C{\'e}dric and Gontheir, Georges and L{\'e}vy, Jean-Jacques and Maranget, Luc and R{\'e}my, Didier",
  title  = "A Calculus of Mobile Agents",
  booktitle = "CONCUR 1996",
  year   = 1996,
  editor = "Ugo Montanari and Vladimiro Sassone",
  volume = 1119,
  series = "Lecture Notes in Computer Science",
  pages  = "406--421",
  publisher = "Springer-Verlag",
  url    = "http:// research.microsoft.com/ ~fournet/ papers/calculus-of-mobile-agents.ps",
}

@proceedings{DBLP:conf/lics/1996,
  title     = {Proceedings, 11th Annual {IEEE} Symposium on Logic in Computer Science,
               New Brunswick, New Jersey, USA, July 27-30, 1996},
  publisher = {{IEEE} Computer Society},
  year      = {1996},
  url       = {http://ieeexplore.ieee.org/xpl/mostRecentIssue.jsp?punumber=4265},
  isbn      = {0-8186-7463-6},
  timestamp = {Fri, 21 Nov 2014 14:08:55 +0100},
  biburl    = {http://dblp.uni-trier.de/rec/bib/conf/lics/1996},
  bibsource = {dblp computer science bibliography, http://dblp.org}
}

@ARTICLE{ADS:ARPC/Gillespie2007,
       author = {{Gillespie}, Daniel T.},
        title = "{Stochastic Simulation of Chemical Kinetics}",
      journal = {Annual Review of Physical Chemistry},
         year = 2007,
        month = may,
       volume = {58},
        pages = {35-55},
          doi = {10.1146/annurev.physchem.58.032806.104637},
       adsurl = {https://ui.adsabs.harvard.edu/abs/2007ARPC...58...35G},
      adsnote = {Provided by the SAO/NASA Astrophysics Data System}
}
		
@article { hirschowitzcc2c,
		title = "Cartesian closed 2-categories and permutation equivalence in higher-order rewriting",
		journal = "Logical Methods in Computer Science",
		volume = "9(3:10)2013",
    pages = "1--22",
		url = "http://arxiv.org/pdf/1307.6318.pdf" }

@book{DBLP:books/ph/Hoare85,
  author    = {C. A. R. Hoare},
  title     = {Communicating Sequential Processes},
  publisher = {Prentice-Hall},
  year      = {1985},
  isbn      = {0-13-153271-5},
  timestamp = {Thu, 03 Jan 2002 11:51:40 +0100},
  biburl    = {https://dblp.org/rec/books/ph/Hoare85.bib},
  bibsource = {dblp computer science bibliography, https://dblp.org}
}

@inproceedings{DBLP:conf/fossacs/LaneveZ05,
  author    = {Cosimo Laneve and
               Gianluigi Zavattaro},
  title     = {Foundations of Web Transactions},
  booktitle = {FoSSaCS},
  series    = {Lecture Notes in Computer Science},
  volume    = {3441},
  pages     = {282--298},
  publisher = {Springer},
  year      = {2005}
}

@inproceedings{DBLP:conf/concur/LeiferM00,
  author    = {James J. Leifer and
               Robin Milner},
  title     = {Deriving Bisimulation Congruences for Reactive Systems},
  booktitle = {{CONCUR} 2000 - Concurrency Theory, 11th International Conference,
               University Park, PA, USA, August 22-25, 2000, Proceedings},
  pages     = {243--258},
  year      = {2000},
  crossref  = {DBLP:conf/concur/2000},
  url       = {http://dx.doi.org/10.1007/3-540-44618-4_19},
  doi       = {10.1007/3-540-44618-4_19},
  timestamp = {Tue, 21 Jun 2011 16:38:52 +0200},
  biburl    = {http://dblp.uni-trier.de/rec/bib/conf/concur/LeiferM00},
  bibsource = {dblp computer science bibliography, http://dblp.org}
}

@inproceedings{DBLP:conf/aplas/MaffeisMT08,
  author    = {Sergio Maffeis and
               John C. Mitchell and
               Ankur Taly},
  title     = {An Operational Semantics for JavaScript},
  booktitle = {Programming Languages and Systems, 6th Asian Symposium, {APLAS} 2008,
               Bangalore, India, December 9-11, 2008. Proceedings},
  pages     = {307--325},
  year      = {2008},
  crossref  = {DBLP:conf/aplas/2008},
  url       = {http://dx.doi.org/10.1007/978-3-540-89330-1_22},
  doi       = {10.1007/978-3-540-89330-1_22},
  timestamp = {Sun, 30 Nov 2008 11:25:03 +0100},
  biburl    = {http://dblp.uni-trier.de/rec/bib/conf/aplas/MaffeisMT08},
  bibsource = {dblp computer science bibliography, http://dblp.org}
}

@article{RS:journals//Marletto2015,
  author    = {Chiara Marletto},
  title     = {Constructor theory of life},
  journal   = {J. R. Soc. Interface.},
  volume    = {12},
  number    = {20141226},
  year      = {2015},
  url       = {https://doi.org/10.1098/rsif.2014.1226}
}

@inproceedings{DBLP:conf/lics/McCusker96,
  author    = {Guy McCusker},
  title     = {Games and Full Abstraction for {FPC}},
  booktitle = {Proceedings, 11th Annual {IEEE} Symposium on Logic in Computer Science,
               New Brunswick, New Jersey, USA, July 27-30, 1996},
  pages     = {174--183},
  year      = {1996},
  crossref  = {DBLP:conf/lics/1996},
  url       = {http://dx.doi.org/10.1109/LICS.1996.561316},
  doi       = {10.1109/LICS.1996.561316},
  timestamp = {Sat, 22 Nov 2014 13:44:44 +0100},
  biburl    = {http://dblp.uni-trier.de/rec/bib/conf/lics/McCusker96},
  bibsource = {dblp computer science bibliography, http://dblp.org}
}

@article{DBLP:journals/entcs/MeredithR05,
  author = {L. Gregory Meredith and Matthias Radestock},
  bibsource = {DBLP, http://dblp.uni-trier.de},
  date-added = {2007-05-14 14:24:05 -0500},
  date-modified = {2007-05-14 14:24:06 -0500},
  ee = {http://dx.doi.org/10.1016/j.entcs.2005.05.016},
  journal = {Electr. Notes Theor. Comput. Sci.},
  number = {5},
  pages = {49--67},
  title = {A Reflective Higher-order Calculus.},
  volume = {141},
  year = {2005}
}

@inproceedings{DBLP:conf/tgc/MeredithR05,
  author = {L. Gregory Meredith and Matthias Radestock},
  bibsource = {DBLP, http://dblp.uni-trier.de},
  booktitle = {TGC},
  crossref = {DBLP:journals/entcs/MeredithR05},
  date-added = {2007-05-14 14:24:05 -0500},
  date-modified = {2007-05-14 14:24:06 -0500},
  ee = {http://dx.doi.org/10.1007/11580850_19},
  pages = {353--369},
  title = {Namespace Logic: A Logic for a Reflective Higher-Order Calculus.},
  year = {2005}
}

@inproceedings{DBLP:conf/wise/Meredith03,
  author    = {Greg Meredith},
  title     = {Documents as Processes: {A} Unification of the Entire Web Service
               Stack},
  booktitle = {{WISE}},
  pages     = {17--20},
  publisher = {{IEEE} Computer Society},
  year      = {2003}
}

@misc{meredith_2017,
  url={https://rchain.coop/platform.html},
  journal={RChain},
  publisher={RChain Cooperative},
  author={Meredith, Lucius},
  year={2017},
  month={Jan}
} 

@article{ milner91polyadicpi,
    author = "Robin Milner",
    title = "The polyadic $\pi$-calculus: A tutorial",
    journal = "Logic and Algebra of Specification",
    editor = "F.L. Hamer, W. Brauer, H. Schwichtenberg",
    volume = "Springer-Verlag",
    year = "1993",
    url = "http://www.lfcs.informatics.ed.ac.uk/reports/91/ECS-LFCS-91-180/ECS-LFCS-91-180.ps" }

@article{DBLP:journals/iandc/MilnerPW92a,
  author    = {Robin Milner and
               Joachim Parrow and
               David Walker},
  title     = {A Calculus of Mobile Processes, {I}},
  journal   = {Inf. Comput.},
  volume    = {100},
  number    = {1},
  pages     = {1--40},
  year      = {1992},
  url       = {https://doi.org/10.1016/0890-5401(92)90008-4},
  doi       = {10.1016/0890-5401(92)90008-4},
  timestamp = {Fri, 12 Feb 2021 22:17:04 +0100},
  biburl    = {https://dblp.org/rec/journals/iandc/MilnerPW92a.bib},
  bibsource = {dblp computer science bibliography, https://dblp.org}
}

@article{DBLP:journals/iandc/MilnerPW92b,
  author    = {Robin Milner and
               Joachim Parrow and
               David Walker},
  title     = {A Calculus of Mobile Processes, {II}},
  journal   = {Inf. Comput.},
  volume    = {100},
  number    = {1},
  pages     = {41--77},
  year      = {1992},
  url       = {https://doi.org/10.1016/0890-5401(92)90009-5},
  doi       = {10.1016/0890-5401(92)90009-5},
  timestamp = {Fri, 12 Feb 2021 22:16:15 +0100},
  biburl    = {https://dblp.org/rec/journals/iandc/MilnerPW92b.bib},
  bibsource = {dblp computer science bibliography, https://dblp.org}
}

@article{DBLP:journals/mscs/Milner92,
  author    = {Robin Milner},
  title     = {Functions as Processes},
  journal   = {Mathematical Structures in Computer Science},
  volume    = {2},
  number    = {2},
  pages     = {119--141},
  year      = {1992},
  url       = {http://dx.doi.org/10.1017/S0960129500001407},
  doi       = {10.1017/S0960129500001407},
  timestamp = {Fri, 10 Jun 2011 14:42:16 +0200},
  biburl    = {http://dblp.uni-trier.de/rec/bib/journals/mscs/Milner92},
  bibsource = {dblp computer science bibliography, http://dblp.org}
}

@article{DBLP:journals/cacm/Milner93,
  author    = {Robin Milner},
  title     = {Elements of Interaction - Turing Award Lecture},
  journal   = {Commun. {ACM}},
  volume    = {36},
  number    = {1},
  pages     = {78--89},
  year      = {1993}
}

@book{Misner1973,
  added-at = {2011-09-19T14:43:55.000+0200},
  adsnote = {Provided by the SAO/NASA Astrophysics Data System},
  adsurl = {http://adsabs.harvard.edu/abs/1973grav.book.....M},
  author = {{Misner}, C. W. and {Thorne}, K. S. and {Wheeler}, J. A.},
  biburl = {https://www.bibsonomy.org/bibtex/232b084c7be345583c8110241be239ed1/mbird},
  publisher = {San Francisco: W.H.~Freeman and Co., 1973},
  file = {Misner1973, Thorne, Wheeler - Gravitation (english) (Freeman & Co. 1973)(1304p)(T).djvu:Misner1973, Thorne, Wheeler - Gravitation (english) (Freeman & Co. 1973)(1304p)(T).djvu:Djvu},
  groups = {public},
  interhash = {7a7eb19ea0ce2867c6ae85d9e291244a},
  intrahash = {32b084c7be345583c8110241be239ed1},
  keywords = {},
  timestamp = {2011-09-19T14:43:55.000+0200},
  title = {Gravitation},
  username = {mbird},
  year = {1973}
}

@article{DBLP:journals/iandc/Moggi91,
  author    = {Eugenio Moggi},
  title     = {Notions of Computation and Monads},
  journal   = {Inf. Comput.},
  volume    = {93},
  number    = {1},
  pages     = {55--92},
  year      = {1991},
  url       = {http://dx.doi.org/10.1016/0890-5401(91)90052-4},
  doi       = {10.1016/0890-5401(91)90052-4},
  timestamp = {Wed, 06 Jul 2011 21:23:46 +0200},
  biburl    = {http://dblp.uni-trier.de/rec/bib/journals/iandc/Moggi91},
  bibsource = {dblp computer science bibliography, http://dblp.org}
}

@book{9781107002173,
  Author = {Michael A. Nielsen and Isaac L. Chuang},
  Title = {Quantum Computation and Quantum Information: 10th Anniversary Edition},
  Publisher = {Cambridge University Press},
  Year = {2011},
  ISBN = {9781107002173},
  URL = {https://www.amazon.com/Quantum-Computation-Information-10th-Anniversary/dp/1107002176?SubscriptionId=AKIAIOBINVZYXZQZ2U3A&tag=chimbori05-20&linkCode=xm2&camp=2025&creative=165953&creativeASIN=1107002176}
}

@proceedings{DBLP:conf/concur/2000,
  editor    = {Catuscia Palamidessi},
  title     = {{CONCUR} 2000 - Concurrency Theory, 11th International Conference,
               University Park, PA, USA, August 22-25, 2000, Proceedings},
  series    = {Lecture Notes in Computer Science},
  volume    = {1877},
  publisher = {Springer},
  year      = {2000},
  isbn      = {3-540-67897-2},
  timestamp = {Thu, 03 Jan 2002 11:55:34 +0100},
  biburl    = {http://dblp.uni-trier.de/rec/bib/conf/concur/2000},
  bibsource = {dblp computer science bibliography, http://dblp.org}
}

@article{DBLP:journals/jfp/DybvigJS07,
  author       = {R. Kent Dybvig and
                  Simon L. Peyton Jones and
                  Amr Sabry},
  title        = {A monadic framework for delimited continuations},
  journal      = {J. Funct. Program.},
  volume       = {17},
  number       = {6},
  pages        = {687--730},
  year         = {2007},
  url          = {https://doi.org/10.1017/S0956796807006259},
  doi          = {10.1017/S0956796807006259},
  timestamp    = {Sat, 05 Sep 2020 17:51:31 +0200},
  biburl       = {https://dblp.org/rec/journals/jfp/DybvigJS07.bib},
  bibsource    = {dblp computer science bibliography, https://dblp.org}
}

 @misc{ enwiki:1234510214,
    author = "{Wikipedia contributors}",
    title = "Arrow of time --- {Wikipedia}{,} The Free Encyclopedia",
    year = "2024",
    url = "https://en.wikipedia.org/w/index.php?title=Arrow_of_time&oldid=1234510214",
    note = "[Online; accessed 24-July-2024]"
  }

@misc{awodeysteven:algebraicsettheory2005,
    author = {Steven Awodey},
    title = {Notes on Algebraic Set Theory},
    year = {2005},
    url = "https://www.phil.cmu.edu/projects/ast/Papers/bnotes.pdf",
    note = "[Online; accessed 24-July-2024]"
}

@misc{ f1r3fly-io:githubrepo,
    author = "{F1R3FLY.io developers}",
    title = "F1R3FLY.io implementation",
    year = "2024",
    url = "https://github.com/F1R3FLY-io/f1r3fly",
    note = "[Online; accessed 24-July-2024]"
}

@misc{ enwiki:1165979969,
    author = "{Wikipedia contributors}",
    title = "Kleene star --- {Wikipedia}{,} The Free Encyclopedia",
    year = "2023",
    url = "https://en.wikipedia.org/w/index.php?title=Kleene_star&oldid=1165979969",
    note = "[Online; accessed 1-August-2024]"
}

@article{DBLP:journals/tcs/Gabbay09,
  author       = {Murdoch James Gabbay},
  title        = {A study of substitution, using nominal techniques and Fraenkel-Mostowksi
                  sets},
  journal      = {Theor. Comput. Sci.},
  volume       = {410},
  number       = {12-13},
  pages        = {1159--1189},
  year         = {2009},
  url          = {https://doi.org/10.1016/j.tcs.2008.11.013},
  doi          = {10.1016/J.TCS.2008.11.013},
  timestamp    = {Wed, 17 Feb 2021 21:59:28 +0100},
  biburl       = {https://dblp.org/rec/journals/tcs/Gabbay09.bib},
  bibsource    = {dblp computer science bibliography, https://dblp.org}
}

@inproceedings{DBLP:conf/parle/Gelernter89,
  author       = {David Gelernter},
  editor       = {Eddy Odijk and
                  Martin Rem and
                  Jean{-}Claude Syre},
  title        = {Multiple Tuple Spaces in Linda},
  booktitle    = {{PARLE} '89: Parallel Architectures and Languages Europe, Volume {II:}
                  Parallel Languages, Eindhoven, The Netherlands, June 12-16, 1989,
                  Proceedings},
  series       = {Lecture Notes in Computer Science},
  volume       = {366},
  pages        = {20--27},
  publisher    = {Springer},
  year         = {1989},
  url          = {https://doi.org/10.1007/3-540-51285-3\_30},
  doi          = {10.1007/3-540-51285-3\_30},
  timestamp    = {Tue, 14 May 2019 10:00:52 +0200},
  biburl       = {https://dblp.org/rec/conf/parle/Gelernter89.bib},
  bibsource    = {dblp computer science bibliography, https://dblp.org}
}

@INPROCEEDINGS{Plotkin04theorigins,
    author = {Gordon D. Plotkin},
    title = {The origins of structural operational semantics},
    booktitle = {Journal of Logic and Algebraic Programming},
    year = {2004},
    pages = {60--61}
}

@article{DBLP:journals/ipl/PriamiRSS01,
  author    = {Corrado Priami and
               Aviv Regev and
               Ehud Shapiro and
               William Silverman},
  title     = {Application of a stochastic name-passing calculus to representation
               and simulation of molecular processes},
  journal   = {Inf. Process. Lett.},
  volume    = {80},
  number    = {1},
  pages     = {25--31},
  year      = {2001}
}

@inproceedings{DBLP:conf/psb/RegevSS01,
  author    = {Aviv Regev and
               William Silverman and
               Ehud Shapiro},
  title     = {Representation and Simulation of Biochemical Processes Using the pi-Calculus
               Process Algebra},
  booktitle = {Pacific Symposium on Biocomputing},
  pages     = {459--470},
  year      = {2001}
}

@inproceedings{DBLP:conf/concur/SangiorgiM92,
  author    = {Davide Sangiorgi and
               Robin Milner},
  title     = {The Problem of "Weak Bisimulation up to"},
  booktitle = {{CONCUR}},
  series    = {Lecture Notes in Computer Science},
  volume    = {630},
  pages     = {32--46},
  publisher = {Springer},
  year      = {1992}
}

@inproceedings{DBLP:conf/fmoods/Sangiorgi06,
  author    = {Davide Sangiorgi},
  title     = {The Bisimulation Proof Method: Enhancements and Open Problems},
  booktitle = {{FMOODS}},
  series    = {Lecture Notes in Computer Science},
  volume    = {4037},
  pages     = {18--19},
  publisher = {Springer},
  year      = {2006}
}

@article{DBLP:journals/toplas/Sangiorgi09,
  author    = {Davide Sangiorgi},
  title     = {On the origins of bisimulation and coinduction},
  journal   = {{ACM} Trans. Program. Lang. Syst.},
  volume    = {31},
  number    = {4},
  pages     = {15:1--15:41},
  year      = {2009}
}

@inproceedings{DBLP:conf/lics/Sangiorgi04,
  author    = {Davide Sangiorgi},
  title     = {Bisimulation: From The Origins to Today},
  booktitle = {{LICS}},
  pages     = {298--302},
  publisher = {{IEEE} Computer Society},
  year      = {2004}
}

@inproceedings{DBLP:conf/fmco/Sangiorgi05,
  author    = {Davide Sangiorgi},
  title     = {Beyond Bisimulation: The "up-to" Techniques},
  booktitle = {{FMCO}},
  series    = {Lecture Notes in Computer Science},
  volume    = {4111},
  pages     = {161--171},
  publisher = {Springer},
  year      = {2005}
}

@book{DBLP:books/daglib/0004377,
  author    = {Davide Sangiorgi and
               David Walker},
  title     = {The Pi-Calculus - a theory of mobile processes},
  publisher = {Cambridge University Press},
  year      = {2001}
}

@INPROCEEDINGS{Sassone02derivingbisimulation,
    author = {Vladimiro Sassone and Pawe L Sobocinski},
    title = {Deriving Bisimulation Congruences: A 2-categorical Approach},
    booktitle = {In FOSSACS 03, volume 2620 of LNCS},
    year = {2002},
    pages = {409--424},
    publisher = {Springer}
}

@book{DBLP:books/daglib/0015653,
  author    = {Gerald J. Sussman and
               Jack Wisdom and
               Meinhard E. Mayer},
  title     = {Structure and interpretation of classical mechanics},
  publisher = {{MIT} Press},
  year      = {2001}
}

@misc{https://doi.org/10.48550/arxiv.2012.13966,
  doi = {10.48550/ARXIV.2012.13966},
  
  url = {https://arxiv.org/abs/2012.13966},
  
  author = {van de Wetering, John},
  
  keywords = {Quantum Physics (quant-ph), FOS: Physical sciences, FOS: Physical sciences},
  
  title = {ZX-calculus for the working quantum computer scientist},
  
  publisher = {arXiv},
  
  year = {2020},
  
  copyright = {arXiv.org perpetual, non-exclusive license}
}

%doi:10.1112/plms/s2-45.1.161. hdl:21.11116/0000-0001-91CE-3.
@inproceedings{WIKI:TuringHyperComputation,
   author =  {A. M. Turing},
   title = {"Systems of Logic Based on Ordinals"},
   series = {Proceedings of the London Mathematical Society},
   volume = {45},
   pages = {161–228},
   year = {1939}
}

@book{von1955mathematical,
  title={Mathematical Foundations of Quantum Mechanics},
  author={von Neumann, J. and Beyer, R.T.},
  isbn={9780691028934},
  lccn={53010143},
  series={Goldstine Printed Materials},
  url={https://books.google.com/books?id=JLyCo3RO4qUC},
  year={1955},
  publisher={Princeton University Press}
}

@article{DBLP:journals/toplas/SewellWU10,
  author    = {Peter Sewell and
               Pawel T. Wojciechowski and
               Asis Unyapoth},
  title     = {Nomadic pict: Programming languages, communication infrastructure
               overlays, and semantics for mobile computation},
  journal   = {{ACM} Trans. Program. Lang. Syst.},
  volume    = {32},
  number    = {4},
  pages     = {12:1--12:63},
  year      = {2010}
}

@article{DBLP:journals/corr/abs-2105-00382,
  author    = {Ming Xu and
               Jingyi Mei and
               Ji Guan and
               Nengkun Yu},
  title     = {Model Checking Quantum Continuous-Time Markov Chains},
  journal   = {CoRR},
  volume    = {abs/2105.00382},
  year      = {2021}
}

@proceedings{DBLP:conf/aplas/2008,
  editor    = {G. Ramalingam},
  title     = {Programming Languages and Systems, 6th Asian Symposium, {APLAS} 2008,
               Bangalore, India, December 9-11, 2008. Proceedings},
  series    = {Lecture Notes in Computer Science},
  volume    = {5356},
  publisher = {Springer},
  year      = {2008},
  isbn      = {978-3-540-89329-5},
  timestamp = {Sun, 30 Nov 2008 11:23:30 +0100},
  biburl    = {http://dblp.uni-trier.de/rec/bib/conf/aplas/2008},
  bibsource = {dblp computer science bibliography, http://dblp.org}
}

@inproceedings{DBLP:conf/oopsla/IgarashiPW99,
  author    = {Atsushi Igarashi and
               Benjamin C. Pierce and
               Philip Wadler},
  title     = {Featherwieght Java: {A} Minimal Core Calculus for Java and {GJ}},
  booktitle = {Proceedings of the 1999 {ACM} {SIGPLAN} Conference on Object-Oriented
               Programming Systems, Languages {\&} Applications {(OOPSLA} '99),
               Denver, Colorado, USA, November 1-5, 1999.},
  pages     = {132--146},
  year      = {1999},
  crossref  = {DBLP:conf/oopsla/1999},
  url       = {http://doi.acm.org/10.1145/320384.320395},
  doi       = {10.1145/320384.320395},
  timestamp = {Tue, 11 Jun 2013 10:02:15 +0200},
  biburl    = {http://dblp.uni-trier.de/rec/bib/conf/oopsla/IgarashiPW99},
  bibsource = {dblp computer science bibliography, http://dblp.org}
}

@proceedings{DBLP:conf/oopsla/1999,
  editor    = {Brent Hailpern and
               Linda M. Northrop and
               A. Michael Berman},
  title     = {Proceedings of the 1999 {ACM} {SIGPLAN} Conference on Object-Oriented
               Programming Systems, Languages {\&} Applications {(OOPSLA} '99),
               Denver, Colorado, USA, November 1-5, 1999},
  publisher = {{ACM}},
  year      = {1999},
  url       = {http://dl.acm.org/citation.cfm?id=320384},
  isbn      = {1-58113-238-7},
  timestamp = {Tue, 11 Jun 2013 10:02:15 +0200},
  biburl    = {http://dblp.uni-trier.de/rec/bib/conf/oopsla/1999},
  bibsource = {dblp computer science bibliography, http://dblp.org}
}

@inproceedings{Politz:2013:PFM:2509136.2509536,
 author = {Politz, Joe Gibbs and Martinez, Alejandro and Milano, Matthew and Warren, Sumner and Patterson, Daniel and Li, Junsong and Chitipothu, Anand and Krishnamurthi, Shriram},
 title = {Python: The Full Monty},
 booktitle = {Proceedings of the 2013 ACM SIGPLAN International Conference on Object Oriented Programming Systems Languages \&\#38; Applications},
 series = {OOPSLA '13},
 year = {2013},
 isbn = {978-1-4503-2374-1},
 location = {Indianapolis, Indiana, USA},
 pages = {217--232},
 numpages = {16},
 url = {http://doi.acm.org/10.1145/2509136.2509536},
 doi = {10.1145/2509136.2509536},
 acmid = {2509536},
 publisher = {ACM},
 address = {New York, NY, USA},
 keywords = {serpents},
} 

@article{Politz:2013:PFM:2544173.2509536,
 author = {Politz, Joe Gibbs and Martinez, Alejandro and Milano, Matthew and Warren, Sumner and Patterson, Daniel and Li, Junsong and Chitipothu, Anand and Krishnamurthi, Shriram},
 title = {Python: The Full Monty},
 journal = {SIGPLAN Not.},
 issue_date = {October 2013},
 volume = {48},
 number = {10},
 month = oct,
 year = {2013},
 issn = {0362-1340},
 pages = {217--232},
 numpages = {16},
 url = {http://doi.acm.org/10.1145/2544173.2509536},
 doi = {10.1145/2544173.2509536},
 acmid = {2509536},
 publisher = {ACM},
 address = {New York, NY, USA},
 keywords = {serpents},
} 

@inproceedings{DBLP:conf/lics/Seely87,
  author    = {R. A. G. Seely},
  title     = {Modelling Computations: {A} 2-Categorical Framework},
  booktitle = {Proceedings of the Symposium on Logic in Computer Science {(LICS}
               '87), Ithaca, New York, USA, June 22-25, 1987},
  pages     = {65--71},
  year      = {1987},
  crossref  = {DBLP:conf/lics/1987},
  timestamp = {Thu, 22 Jan 2015 10:47:12 +0100},
  biburl    = {http://dblp.uni-trier.de/rec/bib/conf/lics/Seely87},
  bibsource = {dblp computer science bibliography, http://dblp.org}
}

@proceedings{DBLP:conf/lics/1987,
  title     = {Proceedings of the Symposium on Logic in Computer Science {(LICS}
               '87), Ithaca, New York, USA, June 22-25, 1987},
  publisher = {{IEEE} Computer Society},
  year      = {1987},
  timestamp = {Tue, 19 Nov 2013 18:10:37 +0100},
  biburl    = {http://dblp.uni-trier.de/rec/bib/conf/lics/1987},
  bibsource = {dblp computer science bibliography, http://dblp.org}
}

@article{DBLP:journals/tcs/Hilken96,
  author    = {Barney P. Hilken},
  title     = {Towards a Proof Theory of Rewriting: The Simply Typed 2lambda-Calculus},
  journal   = {Theor. Comput. Sci.},
  volume    = {170},
  number    = {1-2},
  pages     = {407--444},
  year      = {1996},
  url       = {http://dx.doi.org/10.1016/S0304-3975(96)80713-4},
  doi       = {10.1016/S0304-3975(96)80713-4},
  timestamp = {Wed, 19 Nov 2003 16:10:43 +0100},
  biburl    = {http://dblp.uni-trier.de/rec/bib/journals/tcs/Hilken96},
  bibsource = {dblp computer science bibliography, http://dblp.org}
}

@inproceedings{DBLP:conf/popl/MelliesZ15,
  author    = {Paul{-}Andr{\'{e}} Melli{\`{e}}s and
               Noam Zeilberger},
  title     = {Functors are Type Refinement Systems},
  booktitle = {Proceedings of the 42nd Annual {ACM} {SIGPLAN-SIGACT} Symposium on
               Principles of Programming Languages, {POPL} 2015, Mumbai, India, January
               15-17, 2015},
  pages     = {3--16},
  year      = {2015},
  crossref  = {DBLP:conf/popl/2015},
  url       = {http://doi.acm.org/10.1145/2676726.2676970},
  doi       = {10.1145/2676726.2676970},
  timestamp = {Sat, 20 Dec 2014 16:58:56 +0100},
  biburl    = {http://dblp.uni-trier.de/rec/bib/conf/popl/MelliesZ15},
  bibsource = {dblp computer science bibliography, http://dblp.org}
}

@proceedings{DBLP:conf/popl/2015,
  editor    = {Sriram K. Rajamani and
               David Walker},
  title     = {Proceedings of the 42nd Annual {ACM} {SIGPLAN-SIGACT} Symposium on
               Principles of Programming Languages, {POPL} 2015, Mumbai, India, January
               15-17, 2015},
  publisher = {{ACM}},
  year      = {2015},
  url       = {http://dl.acm.org/citation.cfm?id=2676726},
  isbn      = {978-1-4503-3300-9},
  timestamp = {Sat, 20 Dec 2014 16:56:16 +0100},
  biburl    = {http://dblp.uni-trier.de/rec/bib/conf/popl/2015},
  bibsource = {dblp computer science bibliography, http://dblp.org}
}

@article{facile,
  author =       "B. Thomsen",
  title =        "{A Theory of Higher Order Communication Systems}",
  journal =      "Information and Computation",
  year =         "1995",
  volume =       "116",
  number =       "1",
  pages =        "38--57",
}

@article{hop,
  author =       "Davide Sangiorgi",
  title =        "Bisimulation in Higher-Order Process Calculi",
  journal =      "Information and Computation",
  year =         "1996",
  volume =       "131",
  pages =        "141--178",
  URL =          "http://www.inria.fr/RRRT/RR-2508.html",
}

@article{rosette,
  author = "Chris Tomlinson and Won Kim and Mark Scheevel and Vineet Singh and B. Will and Gul Agha",
  title = "Rosette: An object-oriented concurrent systems architecture", 
  journal = "SIGPLAN Notices",
  volume = "24(4)",
  pages = "91--93", 
  year = "1989",
}

@article{r5rs,
  author = "H. Abelson and R.K. Dybvig and C.T. Haynes and G.J. Rozaz and N.I. Adams IV and D.P. Friedman and E. Kohlbecker and G.L. Steele, Jr. and D.H. Bartley and R. Halstead and D. Oxley and G.J. Sussman and G. Brooks and C. Hanson and K.M. Pitman and M. Wand",
  editor = "Richard Kelsey and William Clinger and Jonathan Rees",
  title = "Revised5 Report on the Algorithmic Language Scheme",
  journal = "Higher-order and Symbolic Computation",
  volume = "11",
  pages ="7--105",
  publisher = "Kluwer",
  year = "1998",
}

@article{DBLP:journals/lisp/WandF88,
  author       = {Mitchell Wand and
                  Daniel P. Friedman},
  title        = {The Mystery of the Tower Revealed: {A} Nonreflective Description of
                  the Reflective Tower},
  journal      = {{LISP} Symb. Comput.},
  volume       = {1},
  number       = {1},
  pages        = {11--37},
  year         = {1988},
  timestamp    = {Thu, 21 May 2020 19:35:45 +0200},
  biburl       = {https://dblp.org/rec/journals/lisp/WandF88.bib},
  bibsource    = {dblp computer science bibliography, https://dblp.org}
}

@inproceedings{DBLP:conf/popl/Smith84,
  author       = {Brian Cantwell Smith},
  editor       = {Ken Kennedy and
                  Mary S. Van Deusen and
                  Larry Landweber},
  title        = {Reflection and Semantics in Lisp},
  booktitle    = {Conference Record of the Eleventh Annual {ACM} Symposium on Principles
                  of Programming Languages, Salt Lake City, Utah, USA, January 1984},
  pages        = {23--35},
  publisher    = {{ACM} Press},
  year         = {1984},
  url          = {https://doi.org/10.1145/800017.800513},
  doi          = {10.1145/800017.800513},
  timestamp    = {Tue, 06 Nov 2018 11:07:43 +0100},
  biburl       = {https://dblp.org/rec/conf/popl/Smith84.bib},
  bibsource    = {dblp computer science bibliography, https://dblp.org}
}

@article{polysync,
  title = "On the Expressive Power of Polyadic Synchronisation in Pi-Calculus", 
  author = "M.Carbone and S.Maffeis", 
  journal = "Nordic Journal of Computing", 
  volume = "10(2)",
  pages = "70--98",
  year = "2003",
}

@inproceedings{lisp3,
  author = "J. des Rivieres and B. C. Smith",
  title = "The implementation of procedurally reflective languages",
  booktitle = "ACM Symposium on Lisp and Functional Programming", 
  pages = "331--347", 
  year = "1984",
}

@unpublished{globalpi,
  author = "Lucian Wischik",
  title  = "Old Names for Nu",
  note   = "Submitted for publication",
  year   = "2004",
}

@unpublished{JavaReflection,
  author = "Sun Microsoft Inc.",
  title = "Java Core Reflection API and Specification",
  note = "http://sunsite.tus.ac.jp/java/docs/jdk1.1/java-reflection.pdf"
}

@unpublished{biztalk, 
author = "\mbox{Microsoft} Corporation",
title = "Microsoft BizTalk Server",
note = "microsoft.com/biztalk/default.asp", 
}

@unpublished{Fontana,
  author = "Walter Fontana",
  title  = "private conversation",
  year   = "2004",
}

@book{MilnerPi,
  altauthor = 	 {Milner, Robin},
  author = "Robin Milner",
  alteditor = 	 {},
  title = 	 {Communicating and Mobile Systems: the $\pi$-Calculus},
  publisher = 	 {Cambridge University Press},
  year = 	 {1999},
}

@book{DBLP:books/sp/Milner80,
  author    = {Robin Milner},
  title     = {A Calculus of Communicating Systems},
  series    = {Lecture Notes in Computer Science},
  volume    = {92},
  publisher = {Springer},
  year      = {1980},
  url       = {https://doi.org/10.1007/3-540-10235-3},
  doi       = {10.1007/3-540-10235-3},
  isbn      = {3-540-10235-3},
  timestamp = {Tue, 14 May 2019 10:00:35 +0200},
  biburl    = {https://dblp.org/rec/books/sp/Milner80.bib},
  bibsource = {dblp computer science bibliography, https://dblp.org}
}

@book{SangiorgiWalker,
  altauthor = 	 {D. Sangiorgi and D. Walker},
  author = "David Sangiorgi and David Walker",
  alteditor = 	 {},
  title = 	 {The $\pi$-Calculus: A Theory of Mobile Processes},
  publisher = 	 {Cambridge University Press},
  year = 	 {2001},
}

@inproceedings{Krivine-TheCurryHowardCorre,
  author =     {Jean-Louis Krivine},
  title =      {The Curry-Howard Correspondence in Set Theory},
  booktitle =          {Proceedings of the Fifteenth Annual IEEE Symp. on Logic in Computer Science, {LICS} 2000},
  pages =      {},
  year =       2000,
  editor =     {Martin Abadi},
  month =      {June},
  location =   {Santa Barbara, CA, USA},
  publisher =  {IEEE Computer Society Press}
  }

@book{Barendregt84,
  author  = {Hendrik Pieter Barendregt},
  title   = {{The Lambda Calculus -- Its Syntax and Semantics}},
  publisher = {North-Holland},
  year    = 1984,
  volume  = {103},
  series  = {Studies in Logic and the Foundations of Mathematics},
  topics  = {FP - Lambda Calculi}
}

@book{ONAG,
  author  = {John Horton Conway},
  title   = {{On Numbers and Games}},
  publisher = {Academic Press},
  year    = 1976,
}

@inproceedings{DBLP:conf/tacs/Milner97,
  author    = {Robin Milner},
  title     = {Strong Normalisation in Higher-Order Action Calculi.},
  booktitle = {TACS},
  year      = {1997},
  pages     = {1--19},
  crossref  = {conf/tacs/1997},
  bibsource = {DBLP, http://dblp.uni-trier.de}
}

@inproceedings{DBLP:conf/concur/HermidaP95,
  author    = {Claudio Hermida and
               John Power},
  title     = {Fibrational Control Structures.},
  booktitle = {CONCUR},
  year      = {1995},
  pages     = {117--129},
  crossref  = {conf/concur/1995},
  bibsource = {DBLP, http://dblp.uni-trier.de}
}

@incollection{GabbayMJ:picfm,
  author = 	 {M.~J.~Gabbay},
  title = 	 {The $\pi$-calculus in {FM}},
  booktitle = 	 {Thirty-five years of {A}utomath},
  publisher =    {Kluwer},
  year = 	 {2003},
  editor = 	 {Fairouz Kamareddine},
  }

@inproceedings{Drossopoulou:2013:NCP:2489804.2489811,
 author = {Drossopoulou, Sophia and Noble, James},
 title = {The need for capability policies},
 booktitle = {Proceedings of the 15th Workshop on Formal Techniques for Java-like Programs},
 series = {FTfJP '13},
 year = {2013},
 isbn = {978-1-4503-2042-9},
 location = {Montpellier, France},
 pages = {6:1--6:7},
 articleno = {6},
 numpages = {7},
 url = {http://doi.acm.org/10.1145/2489804.2489811},
 doi = {10.1145/2489804.2489811},
 acmid = {2489811},
 publisher = {ACM},
 address = {New York, NY, USA},
 keywords = {Grace, Java, JavaScript, object-capability security, security},
} 

@inproceedings{DBLP:conf/calco/Caires07,
  author    = {Lu{\'{\i}}s Caires},
  title     = {Logical Semantics of Types for Concurrency},
  booktitle = {Algebra and Coalgebra in Computer Science, Second International Conference,
               {CALCO} 2007, Bergen, Norway, August 20-24, 2007, Proceedings},
  pages     = {16--35},
  year      = {2007},
  crossref  = {DBLP:conf/calco/2007},
  url       = {http://dx.doi.org/10.1007/978-3-540-73859-6_2},
  doi       = {10.1007/978-3-540-73859-6_2},
  timestamp = {Tue, 28 Aug 2007 14:47:25 +0200},
  biburl    = {http://dblp.uni-trier.de/rec/bib/conf/calco/Caires07},
  bibsource = {dblp computer science bibliography, http://dblp.org}
}

@proceedings{DBLP:conf/calco/2007,
  editor    = {Till Mossakowski and
               Ugo Montanari and
               Magne Haveraaen},
  title     = {Algebra and Coalgebra in Computer Science, Second International Conference,
               {CALCO} 2007, Bergen, Norway, August 20-24, 2007, Proceedings},
  series    = {Lecture Notes in Computer Science},
  volume    = {4624},
  publisher = {Springer},
  year      = {2007},
  isbn      = {978-3-540-73857-2},
  timestamp = {Tue, 28 Aug 2007 14:47:25 +0200},
  biburl    = {http://dblp.uni-trier.de/rec/bib/conf/calco/2007},
  bibsource = {dblp computer science bibliography, http://dblp.org}
}

@inproceedings{DBLP:conf/aplas/AbadiCF06,
  author    = {Mart{\'{\i}}n Abadi and
               Ricardo Corin and
               C{\'{e}}dric Fournet},
  title     = {Computational Secrecy by Typing for the Pi Calculus},
  booktitle = {Programming Languages and Systems, 4th Asian Symposium, {APLAS} 2006,
               Sydney, Australia, November 8-10, 2006, Proceedings},
  pages     = {253--269},
  year      = {2006},
  crossref  = {DBLP:conf/aplas/2006},
  url       = {http://dx.doi.org/10.1007/11924661_16},
  doi       = {10.1007/11924661_16},
  timestamp = {Fri, 19 Jul 2013 09:37:21 +0200},
  biburl    = {http://dblp.uni-trier.de/rec/bib/conf/aplas/AbadiCF06},
  bibsource = {dblp computer science bibliography, http://dblp.org}
}

@proceedings{DBLP:conf/aplas/2006,
  editor    = {Naoki Kobayashi},
  title     = {Programming Languages and Systems, 4th Asian Symposium, {APLAS} 2006,
               Sydney, Australia, November 8-10, 2006, Proceedings},
  series    = {Lecture Notes in Computer Science},
  volume    = {4279},
  publisher = {Springer},
  year      = {2006},
  isbn      = {3-540-48937-1},
  timestamp = {Fri, 19 Jul 2013 09:37:21 +0200},
  biburl    = {http://dblp.uni-trier.de/rec/bib/conf/aplas/2006},
  bibsource = {dblp computer science bibliography, http://dblp.org}
}

@article{DBLP:journals/tissec/AbadiBF07,
  author    = {Mart{\'{\i}}n Abadi and
               Bruno Blanchet and
               C{\'{e}}dric Fournet},
  title     = {Just fast keying in the pi calculus},
  journal   = {{ACM} Trans. Inf. Syst. Secur.},
  volume    = {10},
  number    = {3},
  year      = {2007},
  url       = {http://doi.acm.org/10.1145/1266977.1266978},
  doi       = {10.1145/1266977.1266978},
  timestamp = {Tue, 06 Nov 2007 10:18:20 +0100},
  biburl    = {http://dblp.uni-trier.de/rec/bib/journals/tissec/AbadiBF07},
  bibsource = {dblp computer science bibliography, http://dblp.org}
}

@article{DBLP:journals/tcs/Girard87,
  author    = {Jean{-}Yves Girard},
  title     = {Linear Logic},
  journal   = {Theor. Comput. Sci.},
  volume    = {50},
  pages     = {1--102},
  year      = {1987},
  url       = {http://dx.doi.org/10.1016/0304-3975(87)90045-4},
  doi       = {10.1016/0304-3975(87)90045-4},
  timestamp = {Wed, 07 Sep 2011 12:13:20 +0200},
  biburl    = {http://dblp.uni-trier.de/rec/bib/journals/tcs/Girard87},
  bibsource = {dblp computer science bibliography, http://dblp.org}
}

@inproceedings{DBLP:conf/lics/Gordon06,
  author    = {Andrew D. Gordon},
  title     = {Provable Implementations of Security Protocols},
  booktitle = {21th {IEEE} Symposium on Logic in Computer Science {(LICS} 2006),
               12-15 August 2006, Seattle, WA, USA, Proceedings},
  pages     = {345--346},
  year      = {2006},
  crossref  = {DBLP:conf/lics/2006},
  url       = {http://dx.doi.org/10.1109/LICS.2006.43},
  doi       = {10.1109/LICS.2006.43},
  timestamp = {Fri, 21 Nov 2014 14:08:56 +0100},
  biburl    = {http://dblp.uni-trier.de/rec/bib/conf/lics/Gordon06},
  bibsource = {dblp computer science bibliography, http://dblp.org}
}

@proceedings{DBLP:conf/lics/2006,
  title     = {21th {IEEE} Symposium on Logic in Computer Science {(LICS} 2006),
               12-15 August 2006, Seattle, WA, USA, Proceedings},
  publisher = {{IEEE} Computer Society},
  year      = {2006},
  url       = {http://ieeexplore.ieee.org/xpl/mostRecentIssue.jsp?punumber=11132},
  isbn      = {0-7695-2631-4},
  timestamp = {Fri, 21 Nov 2014 14:08:56 +0100},
  biburl    = {http://dblp.uni-trier.de/rec/bib/conf/lics/2006},
  bibsource = {dblp computer science bibliography, http://dblp.org}
}

@inproceedings{DBLP:conf/concur/Gordon02,
  author    = {Andrew D. Gordon},
  title     = {Types for Cryptographic Protocols},
  booktitle = {{CONCUR} 2002 - Concurrency Theory, 13th International Conference,
               Brno, Czech Republic, August 20-23, 2002, Proceedings},
  pages     = {99--100},
  year      = {2002},
  crossref  = {DBLP:conf/concur/2002},
  url       = {http://dx.doi.org/10.1007/3-540-45694-5_7},
  doi       = {10.1007/3-540-45694-5_7},
  timestamp = {Fri, 01 Jul 2011 13:41:38 +0200},
  biburl    = {http://dblp.uni-trier.de/rec/bib/conf/concur/Gordon02},
  bibsource = {dblp computer science bibliography, http://dblp.org}
}

@proceedings{DBLP:conf/concur/2002,
  editor    = {Lubos Brim and
               Petr Jancar and
               Mojm{\'{\i}}r Kret{\'{\i}}nsk{\'{y}} and
               Anton{\'{\i}}n Kucera},
  title     = {{CONCUR} 2002 - Concurrency Theory, 13th International Conference,
               Brno, Czech Republic, August 20-23, 2002, Proceedings},
  series    = {Lecture Notes in Computer Science},
  volume    = {2421},
  publisher = {Springer},
  year      = {2002},
  isbn      = {3-540-44043-7},
  timestamp = {Fri, 11 Oct 2002 09:16:19 +0200},
  biburl    = {http://dblp.uni-trier.de/rec/bib/conf/concur/2002},
  bibsource = {dblp computer science bibliography, http://dblp.org}
}

@inproceedings{DBLP:conf/concur/Milner92,
  author    = {Robin Milner},
  title     = {The Polyadic Pi-calculus (Abstract)},
  booktitle = {{CONCUR} '92, Third International Conference on Concurrency Theory,
               Stony Brook, NY, USA, August 24-27, 1992, Proceedings},
  pages     = {1},
  year      = {1992},
  crossref  = {DBLP:conf/concur/1992},
  url       = {http://dx.doi.org/10.1007/BFb0084778},
  doi       = {10.1007/BFb0084778},
  timestamp = {Tue, 13 Oct 2009 15:21:47 +0200},
  biburl    = {http://dblp.uni-trier.de/rec/bib/conf/concur/Milner92},
  bibsource = {dblp computer science bibliography, http://dblp.org}
}

@proceedings{DBLP:conf/concur/1992,
  editor    = {Rance Cleaveland},
  title     = {{CONCUR} '92, Third International Conference on Concurrency Theory,
               Stony Brook, NY, USA, August 24-27, 1992, Proceedings},
  series    = {Lecture Notes in Computer Science},
  volume    = {630},
  publisher = {Springer},
  year      = {1992},
  isbn      = {3-540-55822-5},
  timestamp = {Mon, 22 Apr 2002 10:13:05 +0200},
  biburl    = {http://dblp.uni-trier.de/rec/bib/conf/concur/1992},
  bibsource = {dblp computer science bibliography, http://dblp.org}
}

@inproceedings{DBLP:conf/vstte/Reynolds05,
  author    = {John C. Reynolds},
  title     = {An Overview of Separation Logic},
  booktitle = {Verified Software: Theories, Tools, Experiments, First {IFIP} {TC}
               2/WG 2.3 Conference, {VSTTE} 2005, Zurich, Switzerland, October 10-13,
               2005, Revised Selected Papers and Discussions},
  pages     = {460--469},
  year      = {2005},
  crossref  = {DBLP:conf/vstte/2005},
  url       = {http://dx.doi.org/10.1007/978-3-540-69149-5_49},
  doi       = {10.1007/978-3-540-69149-5_49},
  timestamp = {Thu, 22 Jan 2009 15:27:54 +0100},
  biburl    = {http://dblp.uni-trier.de/rec/bib/conf/vstte/Reynolds05},
  bibsource = {dblp computer science bibliography, http://dblp.org}
}

@proceedings{DBLP:conf/vstte/2005,
  editor    = {Bertrand Meyer and
               Jim Woodcock},
  title     = {Verified Software: Theories, Tools, Experiments, First {IFIP} {TC}
               2/WG 2.3 Conference, {VSTTE} 2005, Zurich, Switzerland, October 10-13,
               2005, Revised Selected Papers and Discussions},
  series    = {Lecture Notes in Computer Science},
  volume    = {4171},
  publisher = {Springer},
  year      = {2008},
  url       = {http://dx.doi.org/10.1007/978-3-540-69149-5},
  doi       = {10.1007/978-3-540-69149-5},
  isbn      = {978-3-540-69147-1},
  timestamp = {Thu, 22 Jan 2009 15:26:10 +0100},
  biburl    = {http://dblp.uni-trier.de/rec/bib/conf/vstte/2005},
  bibsource = {dblp computer science bibliography, http://dblp.org}
}

@inproceedings{DBLP:conf/esop/KremerR05,
  author    = {Steve Kremer and
               Mark Ryan},
  title     = {Analysis of an Electronic Voting Protocol in the Applied Pi Calculus},
  booktitle = {Programming Languages and Systems, 14th European Symposium on Programming,ESOP
               2005, Held as Part of the Joint European Conferences on Theory and
               Practice of Software, {ETAPS} 2005, Edinburgh, UK, April 4-8, 2005,
               Proceedings},
  pages     = {186--200},
  year      = {2005},
  crossref  = {DBLP:conf/esop/2005},
  url       = {http://dx.doi.org/10.1007/978-3-540-31987-0_14},
  doi       = {10.1007/978-3-540-31987-0_14},
  timestamp = {Mon, 08 Aug 2011 15:24:10 +0200},
  biburl    = {http://dblp.uni-trier.de/rec/bib/conf/esop/KremerR05},
  bibsource = {dblp computer science bibliography, http://dblp.org}
}

@proceedings{DBLP:conf/esop/2005,
  editor    = {Shmuel Sagiv},
  title     = {Programming Languages and Systems, 14th European Symposium on Programming,ESOP
               2005, Held as Part of the Joint European Conferences on Theory and
               Practice of Software, {ETAPS} 2005, Edinburgh, UK, April 4-8, 2005,
               Proceedings},
  series    = {Lecture Notes in Computer Science},
  volume    = {3444},
  publisher = {Springer},
  year      = {2005},
  isbn      = {3-540-25435-8},
  timestamp = {Fri, 18 Mar 2005 14:43:02 +0100},
  biburl    = {http://dblp.uni-trier.de/rec/bib/conf/esop/2005},
  bibsource = {dblp computer science bibliography, http://dblp.org}
}

@ARTICLE{Nakamoto2008, 
  title = {Bitcoin: A peer-to-peer electronic cash system}, 
  journal = {Bitcoin.org}, 
  author = {Satoshi Nakamoto}, 
  year = {2008}, 
  url = {http://www.bitcoin.org/bitcoin.pdf}
}

@MISC{Sorensen98lectureson,
    author = {Morten Heine B. Sørensen and Pawel Urzyczyn},
    title = {Lectures on the Curry-Howard Isomorphism},
    year = {1998}
}

@article{DBLP:journals/jfp/Wadler14,
  author    = {Philip Wadler},
  title     = {Propositions as sessions},
  journal   = {J. Funct. Program.},
  volume    = {24},
  number    = {2-3},
  pages     = {384--418},
  year      = {2014},
  url       = {http://dx.doi.org/10.1017/S095679681400001X},
  doi       = {10.1017/S095679681400001X},
  timestamp = {Mon, 26 May 2014 10:31:52 +0200},
  biburl    = {http://dblp.uni-trier.de/rec/bib/journals/jfp/Wadler14},
  bibsource = {dblp computer science bibliography, http://dblp.org}
}

@INPROCEEDINGS{Wadler90lineartypes,
    author = {Philip Wadler},
    title = {Linear Types Can Change the World!},
    booktitle = {PROGRAMMING CONCEPTS AND METHODS},
    year = {1990},
    publisher = {North}
}

@article{DBLP:journals/tcs/Yoshida02,
  author    = {Nobuko Yoshida},
  title     = {Minimality and separation results on asynchronous mobile processes
               - representability theorems by concurrent combinators},
  journal   = {Theor. Comput. Sci.},
  volume    = {274},
  number    = {1-2},
  pages     = {231--276},
  year      = {2002},
  url       = {http://dx.doi.org/10.1016/S0304-3975(00)00310-8},
  doi       = {10.1016/S0304-3975(00)00310-8},
  timestamp = {Wed, 19 Nov 2003 16:11:41 +0100},
  biburl    = {http://dblp.uni-trier.de/rec/bib/journals/tcs/Yoshida02},
  bibsource = {dblp computer science bibliography, http://dblp.org}
}

@incollection{finkel,
    author = {Sch{\"o}nfinkel, Moses},
    booktitle = {From Frege to G{\"o}del: A Source Book in Mathematical Logic, 1879--1931},
    citeulike-article-id = {822048},
    editor = {van Heijenoort, Jean},
    keywords = {bibtex-import},
    pages = {355--366},
    posted-at = {2006-08-30 14:42:18},
    priority = {0},
    publisher = {iuniverse.com},
    title = {{On the Building Blocks of Mathematical Logic}},
    year = {1924}
}

@article{DBLP:journals/fac/GabbayP02,
  author    = {Murdoch Gabbay and
               Andrew M. Pitts},
  title     = {A New Approach to Abstract Syntax with Variable Binding},
  journal   = {Formal Asp. Comput.},
  volume    = {13},
  number    = {3-5},
  pages     = {341--363},
  year      = {2002},
  url       = {http://dx.doi.org/10.1007/s001650200016},
  doi       = {10.1007/s001650200016},
  timestamp = {Wed, 25 May 2011 16:32:08 +0200},
  biburl    = {http://dblp.uni-trier.de/rec/bib/journals/fac/GabbayP02},
  bibsource = {dblp computer science bibliography, http://dblp.org}
}

@article{DBLP:journals/jcss/Clouston14,
  author    = {Ranald Clouston},
  title     = {Nominal Lawvere Theories: {A} category theoretic account of equational
               theories with names},
  journal   = {J. Comput. Syst. Sci.},
  volume    = {80},
  number    = {6},
  pages     = {1067--1086},
  year      = {2014},
  url       = {http://dx.doi.org/10.1016/j.jcss.2014.04.002},
  doi       = {10.1016/j.jcss.2014.04.002},
  timestamp = {Fri, 23 May 2014 09:58:47 +0200},
  biburl    = {http://dblp.uni-trier.de/rec/bib/journals/jcss/Clouston14},
  bibsource = {dblp computer science bibliography, http://dblp.org}
}

@article{CIS-335497,
  Author = {Gray, John W.},
  Title = {Review: G. M. Kelly, Basic concepts of enriched category theory},
  Journal = {Bulletin of the American Mathematical Society},
  Volume = {9},
  Number = {1},
  Year = {1983},
  Pages = {102--107},
  Keywords = {}
}

@electronic{Power99EnrichedLawvereTheories,
    abstract = {{ABSTRACT. We define the notion of enriched Lawvere theory, for enrichment over a monoidal biclosed category V that is locally finitely presentable as a closed category.}},
    author = {Power, John},
    citeulike-article-id = {3478248},
    citeulike-linkout-0 = {http://citeseerx.ist.psu.edu/viewdoc/summary?doi=10.1.1.38.9517},
    keywords = {enriched\_category\_theory},
    posted-at = {2008-11-04 10:50:39},
    priority = {0},
    title = {{ENRICHED LAWVERE THEORIES Dedicated to Jim Lambek}},
    url = {http://citeseerx.ist.psu.edu/viewdoc/summary?doi=10.1.1.38.9517}
}

@article{DBLP:journals/acs/LackR11,
  author    = {Stephen Lack and
               Jir{\'{\i}} Rosick{\'{y}}},
  title     = {Notions of Lawvere Theory},
  journal   = {Applied Categorical Structures},
  volume    = {19},
  number    = {1},
  pages     = {363--391},
  year      = {2011},
  url       = {http://dx.doi.org/10.1007/s10485-009-9215-2},
  doi       = {10.1007/s10485-009-9215-2},
  timestamp = {Wed, 16 Feb 2011 09:31:20 +0100},
  biburl    = {http://dblp.uni-trier.de/rec/bib/journals/acs/LackR11},
  bibsource = {dblp computer science bibliography, http://dblp.org}
}

@article{ Trimble,
  author = {Trimble, T},
  title = {Multisorted Lawvere theories},
  url = {http://ncatlab.org/nlab/show/bicartesian+closed+category}
}

@inproceedings{DBLP:conf/ctcs/LuethG97,
  author    = {Christoph L{\"{u}}th and
               Neil Ghani},
  title     = {Monads and Modular Term Rewriting},
  booktitle = {Category Theory and Computer Science, 7th International Conference,
               {CTCS} '97, Santa Margherita Ligure, Italy, September 4-6, 1997, Proceedings},
  pages     = {69--86},
  year      = {1997},
  crossref  = {DBLP:conf/ctcs/1997},
  url       = {http://dx.doi.org/10.1007/BFb0026982},
  doi       = {10.1007/BFb0026982},
  timestamp = {Thu, 16 Jun 2011 15:49:08 +0200},
  biburl    = {http://dblp.uni-trier.de/rec/bib/conf/ctcs/LuethG97},
  bibsource = {dblp computer science bibliography, http://dblp.org}
}

@proceedings{DBLP:conf/ctcs/1997,
  editor    = {Eugenio Moggi and
               Giuseppe Rosolini},
  title     = {Category Theory and Computer Science, 7th International Conference,
               {CTCS} '97, Santa Margherita Ligure, Italy, September 4-6, 1997, Proceedings},
  series    = {Lecture Notes in Computer Science},
  volume    = {1290},
  publisher = {Springer},
  year      = {1997},
  isbn      = {3-540-63455-X},
  timestamp = {Thu, 03 Jan 2002 11:55:58 +0100},
  biburl    = {http://dblp.uni-trier.de/rec/bib/conf/ctcs/1997},
  bibsource = {dblp computer science bibliography, http://dblp.org}
}

@Inbook{PoPLMark,
author="Aydemir, Brian E.
and Bohannon, Aaron
and Fairbairn, Matthew
and Foster, J. Nathan
and Pierce, Benjamin C.
and Sewell, Peter
and Vytiniotis, Dimitrios
and Washburn, Geoffrey
and Weirich, Stephanie
and Zdancewic, Steve",
title="Mechanized Metatheory for the Masses: The PoplMark Challenge",
bookTitle="Theorem Proving in Higher Order Logics: 18th International Conference, TPHOLs 2005, Oxford, UK, August 22-25, 2005. Proceedings",
year="2005",
publisher="Springer Berlin Heidelberg",
address="Berlin, Heidelberg",
pages="50--65",
isbn="978-3-540-31820-0",
doi="10.1007/11541868_4",
url="http://dx.doi.org/10.1007/11541868_4"
}

@article{DBLP:journals/tcs/Gabbay09,
  author    = {Murdoch James Gabbay},
  title     = {A study of substitution, using nominal techniques and Fraenkel-Mostowksi
               sets},
  journal   = {Theor. Comput. Sci.},
  volume    = {410},
  number    = {12-13},
  pages     = {1159--1189},
  year      = {2009},
  url       = {https://doi.org/10.1016/j.tcs.2008.11.013},
  doi       = {10.1016/j.tcs.2008.11.013},
  timestamp = {Sun, 28 May 2017 13:20:03 +0200},
  biburl    = {http://dblp.uni-trier.de/rec/bib/journals/tcs/Gabbay09},
  bibsource = {dblp computer science bibliography, http://dblp.org}
}

@inproceedings{William2018TheGA,
  title={The Germ-Plasm: a Theory of Heredity (1893), by August Weismann},
  author={N. William and Parker},
  year={2018},
  url={https://api.semanticscholar.org/CorpusID:10685116}
}

@misc{nlab:generators_and_relations,
  author = {{nLab authors}},
  title = {generators and relations},
  howpublished = {\url{https://ncatlab.org/nlab/show/generators+and+relations}},
  note = {\href{https://ncatlab.org/nlab/revision/generators+and+relations/7}{Revision 7}},
  month = jul,
  year = 2024
}